% Encoding: ISO-8859-1
@inproceedings{konig2011model,
  title={Model predictive control of a battery emulator for testing of hybrid and electric powertrains},
  author={K{\"o}nig, Oliver and Jakubek, Stefan and Prochart, G{\"u}nter},
  booktitle={Vehicle Power and Propulsion Conference (VPPC), 2011 IEEE},
  pages={1--6},
  year={2011},
  organization={IEEE}
}
@article{olalla2009robust,
title={Robust LQR control for PWM converters: An LMI approach},
author={Olalla, Carlos and Leyva, Ramon and El Aroudi, Abdelali and Queinnec, Isabelle},
journal={IEEE Transactions on industrial electronics},
volume={56},
number={7},
pages={2548--2558},
year={2009},
publisher={IEEE}
}
@article{geyer2008hybrid,
  title={Hybrid model predictive control of the step-down DC--DC converter},
  author={Geyer, Tobias and Papafotiou, Georgios and Morari, Manfred},
  journal={IEEE Transactions on Control Systems Technology},
  volume={16},
  number={6},
  pages={1112--1124},
  year={2008},
  publisher={IEEE}
}


@inproceedings{thabet2016set,
  title={Set-membership methodology for multiple fault detection and isolation in DC-DC Buck Converters},
  author={Thabet, Rihab El Houda and Chafouk, Houcine},
  booktitle={Electrotechnical Conference (MELECON), 2016 18th Mediterranean},
  pages={1--6},
  year={2016},
  organization={IEEE}
}
@article{ferreau2014qpoases,
  title={qpOASES: A parametric active-set algorithm for quadratic programming},
  author={Ferreau, Hans Joachim and Kirches, Christian and Potschka, Andreas and Bock, Hans Georg and Diehl, Moritz},
  journal={Mathematical Programming Computation},
  volume={6},
  number={4},
  pages={327--363},
  year={2014},
  publisher={Springer}
}
@article{boyd2011distributed,
  title={Distributed optimization and statistical learning via the alternating direction method of multipliers},
  author={Boyd, Stephen and Parikh, Neal and Chu, Eric and Peleato, Borja and Eckstein, Jonathan},
  journal={Foundations and Trends{\textregistered} in Machine Learning},
  volume={3},
  number={1},
  pages={1--122},
  year={2011},
  publisher={Now Publishers Inc.}
}
@article{patrinos2014accelerated,
  title={An accelerated dual gradient-projection algorithm for embedded linear model predictive control},
  author={Patrinos, Panagiotis and Bemporad, Alberto},
  journal={IEEE Transactions on Automatic Control},
  volume={59},
  number={1},
  pages={18--33},
  year={2014},
  publisher={IEEE}
}
@article{li1997new,
  title={A new algorithm for solving strictly convex quadratic programs},
  author={Li, Wu and Swetits, John},
  journal={SIAM Journal on Optimization},
  volume={7},
  number={3},
  pages={595--619},
  year={1997},
  publisher={SIAM}
}
@article{patrinos2011global,
  title={A global piecewise smooth Newton method for fast large-scale model predictive control},
  author={Patrinos, Panagiotis and Sopasakis, Pantelis and Sarimveis, Haralambos},
  journal={Automatica},
  volume={47},
  number={9},
  pages={2016--2022},
  year={2011},
  publisher={Elsevier}
}
@article{ferreau2008online,
  title={An online active set strategy to overcome the limitations of explicit MPC},
  author={Ferreau, Hans Joachim and Bock, Hans Georg and Diehl, Moritz},
  journal={International Journal of Robust and Nonlinear Control},
  volume={18},
  number={8},
  pages={816--830},
  year={2008},
  publisher={Wiley Online Library}
}
@article{mattingley2012cvxgen,
  title={CVXGEN: A code generator for embedded convex optimization},
  author={Mattingley, Jacob and Boyd, Stephen},
  journal={Optimization and Engineering},
  volume={13},
  number={1},
  pages={1--27},
  year={2012},
  publisher={Springer}
}
@inproceedings{richter2009real,
  title={Real-time input-constrained MPC using fast gradient methods},
  author={Richter, Stefan and Jones, Colin N and Morari, Manfred},
  booktitle={Decision and Control, 2009 held jointly with the 2009 28th Chinese Control Conference. CDC/CCC 2009. Proceedings of the 48th IEEE Conference on},
  pages={7387--7393},
  year={2009},
  organization={IEEE}
}
@article{leyva2006passivity,
  title={Passivity-based integral control of a boost converter for large-signal stability},
  author={Leyva, R and Cid-Pastor, A and Alonso, C and Queinnec, I and Tarbouriech, S and Martinez-Salamero, L},
  journal={IEE Proceedings-Control Theory and Applications},
  volume={153},
  number={2},
  pages={139--146},
  year={2006},
  publisher={IET}
}
@article{sadek2016fpga,
  title={FPGA-based optimal robust minimal-order controller structure of a DC--DC converter with Pareto front solution},
  author={Sadek, Uro{\v{s}} and Sarja{\v{s}}, Andrej and Chowdhury, Amor and Sve{\v{c}}ko, Rajko},
  journal={Control Engineering Practice},
  volume={55},
  pages={149--161},
  year={2016},
  publisher={Elsevier}
}
@article{garcia1989model,
  title={Model predictive control: theory and practice-A survey},
  author={Garcia, Carlos E and Prett, David M and Morari, Manfred},
  journal={Automatica},
  volume={25},
  number={3},
  pages={335--348},
  year={1989},
  publisher={Elsevier}
}
@article{heemels2001equivalence,
  title={Equivalence of hybrid dynamical models},
  author={Heemels, Wilhemus PMH and De Schutter, Bart and Bemporad, Alberto},
  journal={Automatica},
  volume={37},
  number={7},
  pages={1085--1091},
  year={2001},
  publisher={Elsevier}
}

@incollection{li1998regularized,
  title={Regularized Newton methods for minimization of convex quadratic splines with singular Hessians},
  author={Li, Wu and Swetits, John},
  booktitle={Reformulation: nonsmooth, piecewise smooth, semismooth and smoothing methods},
  pages={235--257},
  year={1998},
  publisher={Springer}
}
@article{gurobi2011gurobi,
  title={Gurobi Optimization},
  author={Gurobi},
  year={2011}
}

@article{osqp-infeasibility,
  title   = {Infeasibility detection in the alternating direction method of multipliers for convex optimization},
  author  = {Goran Banjac and Paul Goulart and Bartolomeo Stellato and Stephen Boyd},
  journal = {optimization-online.org},
  year    = {2017},
  howpublished  = {\url{ http://www.optimization-online.org/DB_HTML/2017/06/6058.html }}
}
@article{chen1998newton,
  title={On Newton's method for Huber's robust M-estimation problems in linear regression},
  author={Chen, B and Pinar, MC},
  journal={BIT Numerical Mathematics},
  volume={38},
  number={4},
  pages={674--684},
  year={1998},
  publisher={Springer}
}
@inproceedings{alimeling1999plecs,
  title={PLECS-piece-wise linear electrical circuit simulation for Simulink},
  author={Alimeling, JH and Hammer, Wolfgang P},
  booktitle={Power Electronics and Drive Systems, 1999. PEDS'99. Proceedings of the IEEE 1999 International Conference on},
  volume={1},
  pages={355--360},
  year={1999},
  organization={IEEE}
}
@article{mayne2000constrained,
  title={Constrained model predictive control: Stability and optimality},
  author={Mayne, David Q and Rawlings, James B and Rao, Christopher V and Scokaert, Pierre OM},
  journal={Automatica},
  volume={36},
  number={6},
  pages={789--814},
  year={2000},
  publisher={Elsevier}
}
@book{rawlings2009model,
  title={Model predictive control: Theory and design},
  author={Rawlings, James Blake and Mayne, David Q},
  year={2009},
  publisher={Nob Hill Pub.}
}
@article{rubagotti2014stabilizing,
  title={Stabilizing linear model predictive control under inexact numerical optimization},
  author={Rubagotti, Matteo and Patrinos, Panagiotis and Bemporad, Alberto},
  journal={IEEE Transactions on Automatic Control},
  volume={59},
  number={6},
  pages={1660--1666},
  year={2014},
  publisher={IEEE}
}
@article{wang2010fast,
  title={Fast model predictive control using online optimization},
  author={Wang, Yang and Boyd, Stephen},
  journal={IEEE Transactions on Control Systems Technology},
  volume={18},
  number={2},
  pages={267--278},
  year={2010},
  publisher={IEEE}
}
@article{richards2015fast,
  title={Fast model predictive control with soft constraints},
  author={Richards, Arthur},
  journal={European Journal of Control},
  volume={25},
  pages={51--59},
  year={2015},
  publisher={Elsevier}
}
@article{dase2006motorcycle,
  title={Motorcycle control prototyping using an FPGA-based embedded control system},
  author={Dase, Carroll and Falcon, Jeannie Sullivan and Maccleery, Brian},
  journal={IEEE control systems},
  volume={26},
  number={5},
  pages={17--21},
  year={2006},
  publisher={IEEE}
}
@article{leong2013convergence,
  title={Convergence and stability of line search methods for unconstrained optimization},
  author={Leong, Wah June and San Goh, Bean},
  journal={Acta applicandae mathematicae},
  volume={127},
  number={1},
  pages={155--167},
  year={2013},
  publisher={Springer}
}
@book{facchinei2007finite,
  title={Finite-dimensional variational inequalities and complementarity problems},
  author={Facchinei, Francisco and Pang, Jong-Shi},
  year={2007},
  publisher={Springer Science \& Business Media}
}
@article{richter2012computational,
  title={Computational complexity certification for real-time MPC with input constraints based on the fast gradient method},
  author={Richter, Stefan and Jones, Colin Neil and Morari, Manfred},
  journal={IEEE Transactions on Automatic Control},
  volume={57},
  number={6},
  pages={1391--1403},
  year={2012},
  publisher={IEEE}
}
@incollection{quevedo2014predictive,
  title={Predictive control in power electronics and drives: Basic concepts, theory, and methods},
  author={Quevedo, Daniel E and Aguilera, Ricardo P and Geyer, Tobias},
  booktitle={Advanced and Intelligent Control in Power Electronics and Drives},
  pages={181--226},
  year={2014},
  publisher={Springer}
}
@inproceedings{lim2017long,
  title={Long horizon linear MPC of grid-connected VSIs: Regulation problems and a plug-in solution},
  author={Lim, Chee Shen and Lee, Sze Sing and Kong, Xin and Nutkani, Inam Ullah},
  booktitle={Energy Conversion Congress and Exposition (ECCE), 2017 IEEE},
  pages={4950--4956},
  year={2017},
  organization={IEEE}
}

@inproceedings{geyer2014benefit,
  title={On the benefit of long-horizon direct model predictive control for drives with LC filters},
  author={Geyer, Tobias and Karamanakos, Petros and Kennel, Ralph},
  booktitle={Energy Conversion Congress and Exposition (ECCE), 2014 IEEE},
  pages={3520--3527},
  year={2014},
  organization={IEEE}
}
@inproceedings{geyer2017model,
  title={Model predictive control of high power converters and industrial drives},
  author={Geyer, Tobias},
  booktitle={Energy Conversion Congress and Exposition (ECCE), 2017 IEEE},
  pages={1--260},
  year={2017},
  organization={IEEE}
}
@article{ling2008embedded,
  title={Embedded model predictive control (MPC) using a FPGA},
  author={Ling, Keck-Voon and Wu, Bing Fang and Maciejowski, JM},
  journal={IFAC Proceedings Volumes},
  volume={41},
  number={2},
  pages={15250--15255},
  year={2008},
  publisher={Elsevier}
}
@article{chen2015optimal,
  title={Optimal boundary control for water hammer suppression in fluid transmission pipelines},
  author={Chen, Tehuan and Ren, Zhigang and Xu, Chao and Loxton, Ryan},
  journal={Computers \& Mathematics with Applications},
  volume={69},
  number={4},
  pages={275--290},
  year={2015},
  publisher={Elsevier}
}
@article{afram2014theory,
  title={Theory and applications of HVAC control systems--A review of model predictive control (MPC)},
  author={Afram, Abdul and Janabi-Sharifi, Farrokh},
  journal={Building and Environment},
  volume={72},
  pages={343--355},
  year={2014},
  publisher={Elsevier}
}
@article{ren2018dynamic,
  title={Dynamic Optimal Control of a One-Dimensional Magnetohydrodynamic System With Bilinear Actuation},
  author={Ren, Zhigang and Zhao, Zhijia and Wu, Zongze and Chen, Tehuan},
  journal={IEEE Access},
  volume={6},
  pages={24464--24474},
  year={2018},
  publisher={IEEE}
}
@article{ren2016dynamic,
  title={Dynamic optimization of open-loop input signals for ramp-up current profiles in tokamak plasmas},
  author={Ren, Zhigang and Xu, Chao and Lin, Qun and Loxton, Ryan and Teo, Kok Lay},
  journal={Communications in Nonlinear Science and Numerical Simulation},
  volume={32},
  pages={31--48},
  year={2016},
  publisher={Elsevier}
}
@inproceedings{middlebrook1976general,
  title={A general unified approach to modelling switching-converter power stages},
  author={Middlebrook, RD and Cuk, Slobodan},
  booktitle={Power Electronics Specialists Conference, 1976 IEEE},
  pages={18--34},
  year={1976},
  organization={IEEE}
}
@article{middlebrook1977general,
  title={A general unified approach to modelling switching-converter power stages},
  author={Middlebrook, Richard D and {\'C}uk, Slobodan},
  journal={International Journal of Electronics Theoretical and Experimental},
  volume={42},
  number={6},
  pages={521--550},
  year={1977},
  publisher={Taylor \& Francis}
}
@article{olalla2012robust,
  title={Robust gain-scheduled control of switched-mode DC--DC converters},
  author={Olalla, Carlos and Leyva, Ramon and Queinnec, Isabelle and Maksimovic, Dragan},
  journal={IEEE Transactions on Power Electronics},
  volume={27},
  number={6},
  pages={3006--3019},
  year={2012},
  publisher={IEEE}
}
@article{vlad2014advanced,
  title={Advanced control laws of DC--DC converters based on piecewise affine modelling. Application to a step-down converter},
  author={Vlad, Cristina and Rodriguez-Ayerbe, Pedro and Godoy, Emmanuel and Lefranc, Pierre},
  journal={IET Power Electronics},
  volume={7},
  number={6},
  pages={1482--1498},
  year={2014},
  publisher={IET}
}
@article{dehghanzadeh2018model,
  title={Model predictive control design for DC-DC converters applied to a photovoltaic system},
  author={Dehghanzadeh, Ahmad and Farahani, Gholamreza and Vahedi, Hani and Al-Haddad, Kamal},
  journal={International Journal of Electrical Power \& Energy Systems},
  volume={103},
  pages={537--544},
  year={2018},
  publisher={Elsevier}
}
@inproceedings{kumar2014comparison,
  title={Comparison of fuzzy and MPC based buck converter},
  author={Kumar, M Praveen and Ponnambalam, P and Sreejith, S and BelwinEdward, J and Krishnamurthy, K},
  booktitle={Power Electronics, Drives and Energy Systems (PEDES), 2014 IEEE International Conference on},
  pages={1--6},
  year={2014},
  organization={IEEE}
}
@inproceedings{gaouzi2017constrained,
  title={Constrained model predictive control for dc-dc buck power converters},
  author={Gaouzi, K and El Fadil, H and Rachid, A and Belhaj, FZ and Giri, F},
  booktitle={Electrical and Information Technologies (ICEIT), 2017 International Conference on},
  pages={1--5},
  year={2017},
  organization={IEEE}
}
@article{vazquez2017model,
  title={Model predictive control for power converters and drives: Advances and trends},
  author={Vazquez, Sergio and Rodriguez, Jose and Rivera, Marco and Franquelo, Leopoldo G and Norambuena, Margarita},
  journal={IEEE Transactions on Industrial Electronics},
  volume={64},
  number={2},
  pages={935--947},
  year={2017},
  publisher={IEEE}
}
@article{vazquez2014model,
  title={Model predictive control: A review of its applications in power electronics},
  author={Vazquez, Sergio and Leon, Jose I and Franquelo, Leopoldo G and Rodriguez, Jose and Young, Hector A and Marquez, Abraham and Zanchetta, Pericle},
  journal={IEEE Industrial Electronics Magazine},
  volume={8},
  number={1},
  pages={16--31},
  year={2014},
  publisher={IEEE}
}
